@article{goldberg1991comparative,
  title={A Comparative Analysis of Selection Schemes Used in Genetic Algorithms},
  author={Goldberg, David E. and Deb, Kalyanmoy},
  journal={Department of General Engineering, University of Illinois at Urbana-Champaign},
  year={1991}
}

@misc{strom2024travelling,
  title={The Traveling Salesman},
  author={Str√∏m, Henrik},
  year={2024},
  howpublished={\url{https://keaorg.gitlab.io/kea-aai-2024-1/lecture20.html}},
  note={Accessed: 2024-05-21}
}

@article{srinvas1994adaptive,
  title={Adaptive probabilities of crossover and mutation in genetic algorithms},
  author={Srinvas, M and Patnaik, LM},
  journal={IEEE Trans on Systems, Man and Cybernetics},
  year={1994}
}

@book{goldberg1989genetic,
  title={Genetic Algorithms in Search, Optimization, and Machine Learning},
  author={Goldberg, David E.},
  year={1989},
  publisher={Addison-Wesley}
}

@article{marks2001playing,
  title={Playing Games with Genetic Algorithms},
  author={Marks, Robert E.},
  journal={Australian Graduate School of Management},
  year={2001}
}

@article{syswerda1989uniform,
  title={Uniform Crossover in Genetic Algorithms},
  author={Syswerda, Gilbert},
  journal={Proceedings of the Third International Conference on Genetic Algorithms},
  year={1989}
}

@inproceedings{davis1985applying,
  title={Applying adaptive algorithms to epistatic domains},
  author={Davis, Lawrence},
  booktitle={International Joint Conference on Artificial Intelligence},
  year={1985},
}

@inproceedings{goldberg1985alleles,
  title={Alleles, loci, and the traveling salesman problem},
  author={Goldberg, David E. and Lingle, Robert},
  booktitle={Proceedings of the First International Conference on Genetic Algorithms and Their Applications},
  year={1985},
}

@online{Sowmyashri2024fitness,
  title={Fitness Functions in Genetic Algorithms: Evaluating Solutions},
  author={Sowmyashri, V},
  journal={Medium},
  year={2024},
  url={https://medium.com/@sowmy3010/fitness-functions-in-genetic-algorithms-evaluating-solutions-1b998f38d6b9}
}

@article{samad2020review,
  title={A Review of Crossover Methods and Problem Representation of Genetic Algorithm in Recent Engineering Applications},
  author={Farah Ayiesya Zainuddin, Md Fahmi Abd Samad},
  journal={Journal of Advanced Research in Dynamical and Control Systems},
  year={2020}
}